@inproceedings{DBLP:conf/icfp/EmotoMHMI16,
  author    = {Kento Emoto and
               Kiminori Matsuzaki and
               Zhenjiang Hu and
               Akimasa Morihata and
               Hideya Iwasaki},
  title     = {Think like a vertex, behave like a function! a functional {DSL} for
               vertex-centric big graph processing},
  booktitle = {Proceedings of {ICFP} 2016},
  pages     = {200--213},
  year      = {2016},
  %crossref  = {DBLP:conf/icfp/2016},
  %url       = {http://doi.acm.org/10.1145/2951913.2951938},
  %doi       = {10.1145/2951913.2951938},
  %timestamp = {Tue, 30 Aug 2016 13:53:57 +0200},
  %biburl    = {http://dblp.org/rec/bib/conf/icfp/EmotoMHMI16},
  %bibsource = {dblp computer science bibliography, http://dblp.org}
}

@proceedings{DBLP:conf/icfp/2016,
  editor    = {Jacques Garrigue and
               Gabriele Keller and
               Eijiro Sumii},
  title     = {Proceedings of the 21st {ACM} {SIGPLAN} International Conference on
               Functional Programming, {ICFP} 2016, Nara, Japan, September 18-22,
               2016},
  publisher = {{ACM}},
  year      = {2016},
  url       = {http://doi.acm.org/10.1145/2951913},
  doi       = {10.1145/2951913},
  isbn      = {978-1-4503-4219-3},
  timestamp = {Tue, 30 Aug 2016 13:45:53 +0200},
  biburl    = {http://dblp.org/rec/bib/conf/icfp/2016},
  bibsource = {dblp computer science bibliography, http://dblp.org}
}
