@inproceedings{DBLP:conf/sigmod/MalewiczABDHLC10,
  author    = {Grzegorz Malewicz and
               Matthew H. Austern and
               Aart J. C. Bik and
               James C. Dehnert and
               Ilan Horn and
               Naty Leiser and
               Grzegorz Czajkowski},
  title     = {Pregel: a system for large-scale graph processing},
  booktitle = {Proceedings of the {ACM} {SIGMOD} International Conference on Management
               of Data, {SIGMOD} 2010, Indianapolis, Indiana, USA, June 6-10, 2010},
  pages     = {135--146},
  year      = {2010},
  crossref  = {DBLP:conf/sigmod/2010},
  url       = {http://doi.acm.org/10.1145/1807167.1807184},
  doi       = {10.1145/1807167.1807184},
  timestamp = {Mon, 07 Jun 2010 08:03:40 +0200},
  biburl    = {http://dblp.org/rec/bib/conf/sigmod/MalewiczABDHLC10},
  bibsource = {dblp computer science bibliography, http://dblp.org}
}

@proceedings{DBLP:conf/sigmod/2010,
  editor    = {Ahmed K. Elmagarmid and
               Divyakant Agrawal},
  title     = {Proceedings of the {ACM} {SIGMOD} International Conference on Management
               of Data, {SIGMOD} 2010, Indianapolis, Indiana, USA, June 6-10, 2010},
  publisher = {{ACM}},
  year      = {2010},
  isbn      = {978-1-4503-0032-2},
  timestamp = {Mon, 07 Jun 2010 07:19:36 +0200},
  biburl    = {http://dblp.org/rec/bib/conf/sigmod/2010},
  bibsource = {dblp computer science bibliography, http://dblp.org}
}

